@article {lalit:mechanics,
   AUTHOR="Lalit Ponnala and Donald L. Bitzer and Anne-Marie Stomp and Mladen A. Vouk",
   TITLE="A model for +1 frameshifts in eubacteria",
   JOURNAL="Bioinformatics",
   YEAR=2006
}