@article {
    lalit:mechanics,
    author = "Lalit Ponnala and Donald L. Bitzer and Anne-Marie Stomp and Mladen A. Vouk",
    title = "A model for +1 frameshifts in eubacteria",
    journal = "Bioinformatics",
    year = 2006,
}

@inproceedings {
    lalit:embs,
    author = "Lalit Ponnala and Donald L. Bitzer and Anne-Marie Stomp and Mladen A. Vouk",
    title = "A computational model for reading frame maintenance",
    booktitle = "EMBS Annual International Conference",
    year = 2006,
    pages = "4540-4543",
    organization = "Institute of Electrical and Electronics Engineers",
    month = Aug,
}